@Misc{autoproof,
URL = {http://se.inf.ethz.ch/research/autoproof/}
}
@MISC{boogie,
    author = {K. Rustan M. Leino},
    title = {This is Boogie 2},
    year = {2008},
    URL={https://github.com/boogie-org/boogie}
}
